<?xml version = "1.0" encoding = "UTF-8"?><record>
  <leader>01659nam#a2200457#cb4500</leader>
  <controlfield tag="005">20210409105721.0</controlfield>
  <controlfield tag="007">cr#|||||||||||</controlfield>
  <controlfield tag="008">160623|2016####gw######o#####|||#|#eng#c</controlfield>
  <controlfield tag="003">DE-605</controlfield>
  <controlfield tag="001">990211825000206441</controlfield>
  <datafield tag="016" ind1="7" ind2=" ">
    <subfield code="a">946039259</subfield>
    <subfield code="2">OCoLC</subfield>
  </datafield>
  <datafield tag="020" ind1=" " ind2=" ">
    <subfield code="a">9783946234081</subfield>
    <subfield code="c">(Digital)</subfield>
    <subfield code="9">978-3-946234-08-1</subfield>
  </datafield>
  <datafield tag="035" ind1=" " ind2=" ">
    <subfield code="a">(DE-605)HT019011249</subfield>
  </datafield>
  <datafield tag="040" ind1=" " ind2=" ">
    <subfield code="a">38</subfield>
    <subfield code="b">ger</subfield>
    <subfield code="d">Lan 1</subfield>
    <subfield code="e">rda</subfield>
  </datafield>
  <datafield tag="041" ind1=" " ind2=" ">
    <subfield code="a">eng</subfield>
  </datafield>
  <datafield tag="044" ind1=" " ind2=" ">
    <subfield code="c">XA-DE</subfield>
  </datafield>
  <datafield tag="100" ind1="1" ind2=" ">
    <subfield code="a">Bickerton, Derek</subfield>
    <subfield code="d">1926-</subfield>
    <subfield code="0">(DE-588)123547032</subfield>
    <subfield code="4">aut</subfield>
    <subfield code="0">(uri) https://portal.dnb.de/opac.htm?method=simpleSearch&amp;cqlMode=true&amp;query=idn=123547032</subfield>
    <subfield code="0">(uri) http://viaf.org/viaf/sourceID/DNB|123547032</subfield>
    <subfield code="B">GND-123547032</subfield>
  </datafield>
  <datafield tag="245" ind1="1" ind2="0">
    <subfield code="a">Roots of language</subfield>
    <subfield code="c">Derek Bickerton</subfield>
  </datafield>
  <datafield tag="264" ind1=" " ind2="1">
    <subfield code="a">Berlin</subfield>
    <subfield code="b">Language Science Press</subfield>
    <subfield code="c">2016</subfield>
  </datafield>
  <datafield tag="300" ind1=" " ind2=" ">
    <subfield code="a">1 Online-Ressource (x, 284 Seiten)</subfield>
    <subfield code="b">Illustrationen</subfield>
  </datafield>
  <datafield tag="336" ind1=" " ind2=" ">
    <subfield code="b">txt</subfield>
  </datafield>
  <datafield tag="337" ind1=" " ind2=" ">
    <subfield code="b">c</subfield>
  </datafield>
  <datafield tag="338" ind1=" " ind2=" ">
    <subfield code="b">cr</subfield>
  </datafield>
  <datafield tag="347" ind1=" " ind2=" ">
    <subfield code="a">Textdatei</subfield>
    <subfield code="b">PDF</subfield>
    <subfield code="c">1,04 MB</subfield>
  </datafield>
  <datafield tag="490" ind1="1" ind2=" ">
    <subfield code="a">Classics in linguistics</subfield>
    <subfield code="v">3</subfield>
  </datafield>
  <datafield tag="776" ind1="0" ind2="8">
    <subfield code="i">Erscheint auch als</subfield>
    <subfield code="n">Druck-Ausgabe</subfield>
    <subfield code="z">9781523647156</subfield>
    <subfield code="9">978-1-523647-15-6</subfield>
    <subfield code="0">(uri) http://www.isbnsearch.org/isbn/9781523647156</subfield>
  </datafield>
  <datafield tag="776" ind1="0" ind2="8">
    <subfield code="i">Erscheint auch als</subfield>
    <subfield code="n">Druck-Ausgabe</subfield>
    <subfield code="z">9783946234098</subfield>
    <subfield code="9">978-3-946234-09-8</subfield>
    <subfield code="0">(uri) http://www.isbnsearch.org/isbn/9783946234098</subfield>
  </datafield>
  <datafield tag="776" ind1="0" ind2="8">
    <subfield code="i">Erscheint auch als</subfield>
    <subfield code="n">Druck-Ausgabe</subfield>
    <subfield code="z">9783946234104</subfield>
    <subfield code="9">978-3-946234-10-4</subfield>
    <subfield code="0">(uri) http://www.isbnsearch.org/isbn/9783946234104</subfield>
  </datafield>
  <datafield tag="830" ind1=" " ind2="0">
    <subfield code="a">Classics in linguistics</subfield>
    <subfield code="w">(DE-605)HT020616228</subfield>
    <subfield code="v">3</subfield>
    <subfield code="9">O:1</subfield>
  </datafield>
  <datafield tag="856" ind1="4" ind2="0">
    <subfield code="u">https://doi.org/10.17169/langsci.b91.109</subfield>
    <subfield code="x">Resolving-System</subfield>
    <subfield code="z">kostenfrei</subfield>
    <subfield code="3">Volltext</subfield>
  </datafield>
  <datafield tag="856" ind1="4" ind2="0">
    <subfield code="u">http://langsci-press.org//catalog/book/91</subfield>
    <subfield code="x">Verlag</subfield>
    <subfield code="z">kostenfrei</subfield>
  </datafield>
  <datafield tag="856" ind1="4" ind2="0">
    <subfield code="u">http://edocs.fu-berlin.de/docs/receive/FUDOCS_document_000000023900</subfield>
    <subfield code="z">kostenfrei</subfield>
  </datafield>
  <datafield tag="912" ind1=" " ind2=" ">
    <subfield code="a">ZDB-119-KLS</subfield>
  </datafield>
  <datafield tag="960" ind1="1" ind2=" ">
    <subfield code="i">iall</subfield>
    <subfield code="i">OA</subfield>
  </datafield>
  <datafield tag="962" ind1=" " ind2=" ">
    <subfield code="e">ZDB-119-KLS</subfield>
  </datafield>
  <datafield tag="964" ind1="0" ind2="s">
    <subfield code="F">030</subfield>
    <subfield code="A">a|1dr||||||17</subfield>
  </datafield>
  <datafield tag="964" ind1="0" ind2="s">
    <subfield code="F">050</subfield>
    <subfield code="A">||||||||g|||||</subfield>
  </datafield>
  <datafield tag="964" ind1="0" ind2="s">
    <subfield code="F">051</subfield>
    <subfield code="A">s|||||||</subfield>
  </datafield>
  <datafield tag="035" ind1=" " ind2=" ">
    <subfield code="a">(OCoLC)946039259</subfield>
    <subfield code="0">(uri) http://www.worldcat.org/oclc/946039259</subfield>
  </datafield>
  <datafield tag="035" ind1=" " ind2=" ">
    <subfield code="a">(DE-599)BVBBV043403240</subfield>
  </datafield>
  <datafield tag="024" ind1="7" ind2=" ">
    <subfield code="a">10.17169/langsci.b91.109</subfield>
    <subfield code="2">doi</subfield>
  </datafield>
  <datafield tag="MBD" ind1=" " ind2=" ">
    <subfield code="M">49HBZ_NETWORK</subfield>
    <subfield code="i">990211825000206441</subfield>
    <subfield code="n">HBZ Network</subfield>
  </datafield>
  <datafield tag="MBD" ind1=" " ind2=" ">
    <subfield code="M">49HBZ_DUE</subfield>
    <subfield code="i">990040711160206443</subfield>
    <subfield code="n">ULB D&#252;sseldorf</subfield>
  </datafield>
  <datafield tag="020" ind1=" " ind2=" ">
    <subfield code="a">9783946234081</subfield>
    <subfield code="c">(Digital)</subfield>
    <subfield code="9">978-3-946234-08-1</subfield>
    <subfield code="M">49HBZ_DUE</subfield>
  </datafield>
  <datafield tag="776" ind1="0" ind2="8">
    <subfield code="i">Erscheint auch als</subfield>
    <subfield code="n">Druck-Ausgabe</subfield>
    <subfield code="z">9781523647156</subfield>
    <subfield code="9">978-1-523647-15-6</subfield>
    <subfield code="M">49HBZ_DUE</subfield>
  </datafield>
  <datafield tag="776" ind1="0" ind2="8">
    <subfield code="i">Erscheint auch als</subfield>
    <subfield code="n">Druck-Ausgabe</subfield>
    <subfield code="z">9783946234098</subfield>
    <subfield code="9">978-3-946234-09-8</subfield>
    <subfield code="M">49HBZ_DUE</subfield>
  </datafield>
  <datafield tag="776" ind1="0" ind2="8">
    <subfield code="i">Erscheint auch als</subfield>
    <subfield code="n">Druck-Ausgabe</subfield>
    <subfield code="z">9783946234104</subfield>
    <subfield code="9">978-3-946234-10-4</subfield>
    <subfield code="M">49HBZ_DUE</subfield>
  </datafield>
  <datafield tag="830" ind1=" " ind2="0">
    <subfield code="a">Classics in linguistics</subfield>
    <subfield code="w">(DE-605)HT020616228</subfield>
    <subfield code="v">3</subfield>
    <subfield code="9">O:1</subfield>
    <subfield code="M">49HBZ_DUE</subfield>
  </datafield>
  <datafield tag="980" ind1="1" ind2=" ">
    <subfield code="e">pkhand</subfield>
    <subfield code="9">LOCAL</subfield>
    <subfield code="M">49HBZ_DUE</subfield>
  </datafield>
  <datafield tag="MNG" ind1=" " ind2=" ">
    <subfield code="c">System</subfield>
    <subfield code="f">ILS</subfield>
    <subfield code="i">marc21</subfield>
    <subfield code="k">01</subfield>
    <subfield code="e">false</subfield>
    <subfield code="d">2021-04-09 10:57:21 Europe/Berlin</subfield>
    <subfield code="g">021182500-HBZ01</subfield>
    <subfield code="j">60</subfield>
    <subfield code="a">import</subfield>
    <subfield code="b">2021-04-05 15:25:59 Europe/Berlin</subfield>
  </datafield>
  <datafield tag="POR" ind1=" " ind2=" ">
    <subfield code="x">System</subfield>
    <subfield code="a">53324291410006443</subfield>
    <subfield code="M">49HBZ_DUE</subfield>
    <subfield code="c">static</subfield>
    <subfield code="l">kostenfrei</subfield>
    <subfield code="y">2021-04-02 10:07:12 Europe/Berlin</subfield>
    <subfield code="w">2021-04-02 10:07:06 Europe/Berlin</subfield>
    <subfield code="D">https://eu04.alma.exlibrisgroup.com/view/uresolver/49HBZ_NETWORK/openurl?u.ignore_date_coverage=true&amp;portfolio_pid=53324291410006443&amp;Force_direct=true</subfield>
    <subfield code="v">P2E_JOB</subfield>
    <subfield code="z">2021-04-02 08:07:06</subfield>
    <subfield code="i">false</subfield>
    <subfield code="g">X0001</subfield>
    <subfield code="S">52324291420006443</subfield>
    <subfield code="d">https://hbz-network.userservices.exlibrisgroup.com/view/uresolver/49HBZ_NETWORK/openurl?u.ignore_date_coverage=true&amp;rft.mms_id=990040711160206443</subfield>
    <subfield code="b">Available</subfield>
    <subfield code="f">BOOK</subfield>
    <subfield code="8">53324291410006443</subfield>
  </datafield>
  <datafield tag="POR" ind1=" " ind2=" ">
    <subfield code="x">System</subfield>
    <subfield code="a">53324291370006443</subfield>
    <subfield code="M">49HBZ_DUE</subfield>
    <subfield code="c">static</subfield>
    <subfield code="l">kostenfrei</subfield>
    <subfield code="y">2021-04-02 10:07:12 Europe/Berlin</subfield>
    <subfield code="w">2021-04-02 10:07:06 Europe/Berlin</subfield>
    <subfield code="D">https://eu04.alma.exlibrisgroup.com/view/uresolver/49HBZ_NETWORK/openurl?u.ignore_date_coverage=true&amp;portfolio_pid=53324291370006443&amp;Force_direct=true</subfield>
    <subfield code="v">P2E_JOB</subfield>
    <subfield code="z">2021-04-02 08:07:06</subfield>
    <subfield code="i">false</subfield>
    <subfield code="g">X0001</subfield>
    <subfield code="S">52324291380006443</subfield>
    <subfield code="d">https://hbz-network.userservices.exlibrisgroup.com/view/uresolver/49HBZ_NETWORK/openurl?u.ignore_date_coverage=true&amp;rft.mms_id=990040711160206443</subfield>
    <subfield code="b">Available</subfield>
    <subfield code="f">BOOK</subfield>
    <subfield code="8">53324291370006443</subfield>
  </datafield>
  <datafield tag="POR" ind1=" " ind2=" ">
    <subfield code="x">System</subfield>
    <subfield code="a">53324291390006443</subfield>
    <subfield code="M">49HBZ_DUE</subfield>
    <subfield code="c">static</subfield>
    <subfield code="l">kostenfrei</subfield>
    <subfield code="y">2021-04-02 10:07:12 Europe/Berlin</subfield>
    <subfield code="w">2021-04-02 10:07:06 Europe/Berlin</subfield>
    <subfield code="D">https://eu04.alma.exlibrisgroup.com/view/uresolver/49HBZ_NETWORK/openurl?u.ignore_date_coverage=true&amp;portfolio_pid=53324291390006443&amp;Force_direct=true</subfield>
    <subfield code="v">P2E_JOB</subfield>
    <subfield code="z">2021-04-02 08:07:06</subfield>
    <subfield code="i">false</subfield>
    <subfield code="g">X0001</subfield>
    <subfield code="S">52324291400006443</subfield>
    <subfield code="d">https://hbz-network.userservices.exlibrisgroup.com/view/uresolver/49HBZ_NETWORK/openurl?u.ignore_date_coverage=true&amp;rft.mms_id=990040711160206443</subfield>
    <subfield code="b">Available</subfield>
    <subfield code="f">BOOK</subfield>
    <subfield code="8">53324291390006443</subfield>
  </datafield>
  <datafield tag="GSI" ind1="7" ind2=" ">
    <subfield code="a">http://d-nb.info/gnd/123547032</subfield>
    <subfield code="2">uri</subfield>
    <subfield code="A">GND</subfield>
    <subfield code="B">GND-123547032</subfield>
    <subfield code="C">024</subfield>
  </datafield>
</record>